<?xml version="1.0" encoding="utf-8"?>
<record xmlns="http://www.loc.gov/MARC21/slim" xmlns:xsi="http://www.w3.org/2001/XMLSchema-instance" xsi:schemaLocation="http://www.loc.gov/MARC21/slim http://www.loc.gov/standards/marcxml/schema/MARC21slim.xsd">
	<leader>     nam a22     Mi 4500</leader>
	<controlfield tag="001">2768058</controlfield>
	<controlfield tag="003">NjP</controlfield>
	<controlfield tag="006">m        d        </controlfield>
	<controlfield tag="007">cr cn |||m|||a</controlfield>
	<controlfield tag="008">201005s1922    ua abc  o     000 0dara d</controlfield>
	<datafield ind1=" " ind2=" " tag="040">
		<subfield code="a">ZYU</subfield>
		<subfield code="b">ara</subfield>
		<subfield code="e">rda</subfield>
		<subfield code="c">ZYU</subfield>
	</datafield>
	<datafield ind1=" " ind2=" " tag="043">
		<subfield code="a">a-tu---</subfield>
	</datafield>
	<datafield ind1=" " ind2="4" tag="050">
		<subfield code="a">PJ7815.T9</subfield>
		<subfield code="b">S3</subfield>
	</datafield>
	<datafield ind1="1" ind2=" " tag="100">
		<subfield code="6">880-01</subfield>
		<subfield code="a">Saʻīd, Amīn.</subfield>
	</datafield>
	<datafield ind1="1" ind2="0" tag="245">
		<subfield code="6">880-02</subfield>
		<subfield code="a">Sīrat Muṣṭafá Kamāl Bāshā wa-tārīkh al-ḥarakah al-Turkīyah al-waṭanīyah fī al-Anāḍūl /</subfield>
		<subfield code="c">taʼlīf Amīn Muḥammad Saʻīd wa-Karīm Khalīl Thābit.</subfield>
	</datafield>
	<datafield ind1=" " ind2=" " tag="260">
		<subfield code="6">880-03</subfield>
		<subfield code="a">al-Qāhirah :</subfield>
		<subfield code="b">ʻAlá nafaqat Idārat Majallat al-Laṭāʼif al-muṣawwarah,</subfield>
		<subfield code="c">1922.</subfield>
	</datafield>
	<datafield ind1=" " ind2=" " tag="300">
		<subfield code="a">online resource (66 pages) :</subfield>
		<subfield code="b">illustrations, map, portrait</subfield>
	</datafield>
	<datafield ind1=" " ind2=" " tag="336">
		<subfield code="a">text</subfield>
		<subfield code="2">rdacontent</subfield>
	</datafield>
	<datafield ind1=" " ind2=" " tag="337">
		<subfield code="a">computer</subfield>
		<subfield code="2">rdamedia</subfield>
	</datafield>
	<datafield ind1=" " ind2=" " tag="338">
		<subfield code="a">online resource</subfield>
		<subfield code="2">rdacarrier</subfield>
	</datafield>
	<datafield ind1=" " ind2=" " tag="500">
		<subfield code="a">Cover title: Sīrat al-Ghāzī Mustafā Kamāl Bāshā.</subfield>
	</datafield>
	<datafield ind1=" " ind2=" " tag="500">
		<subfield code="a">Translation of title: The life of Mustafa Kemal Pasha and the history of the Turkish nationalist movement in Anatolia.</subfield>
	</datafield>
	<datafield ind1=" " ind2=" " tag="500">
		<subfield code="a">Part of the Arabic Collections Online (ACO) project, contributed by Princeton University Libraries.</subfield>
	</datafield>
	<datafield ind1=" " ind2=" " tag="533">
		<subfield code="a">Electronic reproduction.</subfield>
		<subfield code="b">New York, N.Y. :</subfield>
		<subfield code="c">New York University,</subfield>
		<subfield code="d">2020.</subfield>
		<subfield code="5">NNU</subfield>
	</datafield>
	<datafield ind1="1" ind2="0" tag="600">
		<subfield code="a">Atatürk, Kemal,</subfield>
		<subfield code="d">1881-1938.</subfield>
	</datafield>
	<datafield ind1=" " ind2="0" tag="651">
		<subfield code="a">Turkey</subfield>
		<subfield code="x">History</subfield>
		<subfield code="y">1918-1960.</subfield>
	</datafield>
	<datafield ind1="1" ind2="7" tag="600">
		<subfield code="a">Atatürk, Kemal,</subfield>
		<subfield code="d">1881-1938</subfield>
		<subfield code="2">fast</subfield>
		<subfield code="0">(OCoLC)fst00053305</subfield>
	</datafield>
	<datafield ind1=" " ind2="7" tag="651">
		<subfield code="a">Turkey.</subfield>
		<subfield code="2">fast</subfield>
		<subfield code="0">(OCoLC)fst01208963</subfield>
	</datafield>
	<datafield ind1=" " ind2="7" tag="648">
		<subfield code="a">1918-1960</subfield>
		<subfield code="2">fast</subfield>
	</datafield>
	<datafield ind1=" " ind2="7" tag="655">
		<subfield code="a">History.</subfield>
		<subfield code="2">fast</subfield>
		<subfield code="0">(OCoLC)fst01411628</subfield>
	</datafield>
	<datafield ind1="1" ind2=" " tag="700">
		<subfield code="6">880-04</subfield>
		<subfield code="a">Thābit, Karīm Khalīl,</subfield>
		<subfield code="e">author.</subfield>
	</datafield>
	<datafield ind1="2" ind2=" " tag="710">
		<subfield code="a">Princeton University.</subfield>
		<subfield code="b">Library.</subfield>
	</datafield>
	<datafield ind1="0" ind2=" " tag="730">
		<subfield code="a">Arabic Collections Online.</subfield>
	</datafield>
	<datafield ind1="0" ind2="8" tag="776">
		<subfield code="i">Online version:</subfield>
		<subfield code="a">Saʻīd, Amīn.</subfield>
		<subfield code="t">Sīra Muṣṭafā Kamāl Bāshā wa-taʻrīkh al-ḥarakat al-Turkīyat al-waṭanīya fiʻl-Anāḍūl.</subfield>
		<subfield code="d">Miṣr al-ḳāhira [Cairo] al-Laṭāʻif al-muṣawwara, 1922</subfield>
		<subfield code="w">(OCoLC)905884437</subfield>
	</datafield>
	<datafield ind1="0" ind2="8" tag="776">
		<subfield code="i">Print version:</subfield>
		<subfield code="a">Saʻīd, Amīn.</subfield>
		<subfield code="t">Sīrat Muṣṭafá Kamāl Bāshā wa-tārīkh al-ḥarakah al-Turkīyah al-waṭanīyah fī al-Anāḍūl</subfield>
		<subfield code="w">(NjP)2768058</subfield>
		<subfield code="w">(OCoLC)29885624</subfield>
	</datafield>
	<datafield ind1="4" ind2="0" tag="856">
		<subfield code="u">http://hdl.handle.net/2333.1/70rxwq58</subfield>
	</datafield>
	<datafield ind1="4" ind2="0" tag="856">
		<subfield code="u">http://hdl.handle.net/2333.1/70rxwq58</subfield>
	</datafield>
	<datafield ind1="1" ind2=" " tag="880">
		<subfield code="6">100-01</subfield>
		<subfield code="a">سعيد، امين.‎‎</subfield>
	</datafield>
	<datafield ind1="1" ind2="0" tag="880">
		<subfield code="6">245-02</subfield>
		<subfield code="a">سيرة مصطفى كمال باشا وتاريخ الحركة التركية الوطنية في الاناضول /‎‎</subfield>
		<subfield code="c">تأليف امين محمد سعيد وكريم خليل ثابت.‎‎</subfield>
	</datafield>
	<datafield ind1=" " ind2=" " tag="880">
		<subfield code="6">260-03</subfield>
		<subfield code="a">القاهرة :‎‎</subfield>
		<subfield code="b">على نفقة ادارة مجلة اللطائف المصورة،‎‎</subfield>
		<subfield code="c">1922.</subfield>
	</datafield>
	<datafield ind1="1" ind2=" " tag="880">
		<subfield code="6">700-04</subfield>
		<subfield code="a">ثابت، كريم خليل.‎‎</subfield>
	</datafield>
	<datafield ind1=" " ind2=" " tag="959">
		<subfield code="a">NNU</subfield>
		<subfield code="b">WEB</subfield>
		<subfield code="c">GENI</subfield>
		<subfield code="t">0</subfield>
		<subfield code="m">Electronic access</subfield>
		<subfield code="s">01</subfield>
	</datafield>
	<datafield ind1=" " ind2=" " tag="959">
		<subfield code="a">NNU</subfield>
		<subfield code="b">WEB</subfield>
		<subfield code="c">GENI</subfield>
		<subfield code="t">0</subfield>
		<subfield code="m">Electronic access</subfield>
		<subfield code="s">01</subfield>
	</datafield>
	<datafield ind1=" " ind2=" " tag="999">
		<subfield code="i">NjP_2768058</subfield>
		<subfield code="o">(OCoLC)ocm29885624</subfield>
		<subfield code="s">princeton_aco004421:</subfield>
		<subfield code="e">(ERROR-880)</subfield>
		<subfield code="s">princeton_aco004421:</subfield>
	</datafield>
</record>
